@article{Gomez-Uribe:2015:NRS:2869770.2843948,
	author = {Gomez-Uribe, Carlos A. and Hunt, Neil},
	title = {The Netflix Recommender System: Algorithms, Business Value, and Innovation},
	journal = {ACM Trans. Manage. Inf. Syst.},
	issue_date = {January 2016},
	volume = {6},
	number = {4},
	month = dec,
	year = {2015},
	issn = {2158-656X},
	pages = {13:1--13:19},
	articleno = {13},
	numpages = {19},
	url = {http://doi.acm.org/10.1145/2843948},
	doi = {10.1145/2843948},
	acmid = {2843948},
	publisher = {ACM},
	address = {New York, NY, USA},
	keywords = {Recommender systems},
} 

@ARTICLE{wearable_computing_amft, 
	author={O. {Amft}}, 
	journal={IEEE Pervasive Computing}, 
	title={How Wearable Computing Is Shaping Digital Health}, 
	year={2018}, 
	volume={17}, 
	number={1}, 
	pages={92-98}, 
	keywords={health care;medical computing;medical information systems;patient care;patient monitoring;telemedicine;wearable computers;wearable computing;digital health;personalized healthcare;distributed information sharing model;industry stakeholders;health knowledge;treatment techniques;vital-sign data;health-related behavioral data;environmental-exposure data;clinical data;genetic data;multiple parallel technological advances;Biomedical monitoring;Wearable computers;Monitoring;Diseases;Medical diagnostic imaging;Information management;pervasive computing;wearables;health;patient-centered care;information sharing;digital health;big data;exposome;behaviorome;genome}, 
	doi={10.1109/MPRV.2018.011591067}, 
	ISSN={1536-1268}, 
	month={Jan},}

@INPROCEEDINGS{dikmen_tesla_autopilot, 
	author={M. {Dikmen} and C. {Burns}}, 
	booktitle={2017 IEEE International Conference on Systems, Man, and Cybernetics (SMC)}, 
	title={Trust in autonomous vehicles: The case of Tesla Autopilot and Summon}, 
	year={2017}, 
	volume={}, 
	number={}, 
	pages={1093-1098}, 
	keywords={driver information systems;human factors;road vehicles;advanced driver assistance systems;Tesla drivers;automated driving systems;drivers trust;partially automated driving capabilities;autonomous driving;tesla autopilot;autonomous vehicles;Automation;Vehicles;Advanced driver assistance systems;Analysis of variance;Autonomous automobiles;Correlation;System analysis and design;trust in automation;automated driving;advanced driver assistance systems}, 
	doi={10.1109/SMC.2017.8122757}, 
	ISSN={}, 
	month={Oct},}

@inproceedings{oberdorfer_develop_your_strengths_by_gaming,
	author = {Oberdörfer, Sebastian AND Latoschik, Marc Erich},
	title = {Develop your strengths by gaming: towards an inventory of gamificationable skills},
	booktitle = {INFORMATIK 2013 – Informatik angepasst an Mensch, Organisation und Umwelt},
	year = {2013},
	editor = {Horbach, Matthias} ,
	pages = { 2346-2357 },
	publisher = {Gesellschaft für Informatik e.V.},
	address = {Bonn}
}

@article{serious_games_michael_chen,
	author = {R. Michael, David and L. Chen, Sandra},
	year = {2006},
	month = {01},
	pages = {},
	title = {Serious Games: Games That Educate, Train, and Inform},
	isbn = {1592006221}
}

@inproceedings{affective_loop_experiences,
	author = {Höök, Kristina},
	year = {2008},
	month = {06},
	pages = {1-12},
	title = {Affective Loop Experiences - What Are They?},
	doi = {10.1007/978-3-540-68504-3_1}
}

@book{Picard:1997:AC:265013,
	author = {Picard, Rosalind W.},
	title = {Affective Computing},
	year = {1997},
	isbn = {0-262-16170-2},
	publisher = {MIT Press},
	address = {Cambridge, MA, USA},
} 

@techreport{gartner_hype_cycles_2018,
	author = {Gartner Inc.},
	title = {Hype Cycle for Emerging Technologies, 2018},
	year = 2018
}

@INPROCEEDINGS{kotsia_affective_gaming, 
	author={I. {Kotsia} and S. {Zafeiriou} and S. {Fotopoulos}}, 
	booktitle={2013 IEEE Conference on Computer Vision and Pattern Recognition Workshops}, 
	title={Affective Gaming: A Comprehensive Survey}, 
	year={2013}, 
	volume={}, 
	number={}, 
	pages={663-670}, 
	keywords={brain-computer interfaces;computer games;affective gaming;game interaction;speech cue;gesture cue;user behavioral cue;gameplay experience;Games;Sensors;Skin;Haptic interfaces;Electric variables measurement;Physiology;Blood;affective gaming}, 
	doi={10.1109/CVPRW.2013.100}, 
	ISSN={2160-7516}, 
	month={June},}

@inproceedings{Gjoreski:2017:DAR:3123024.3125608,
	author = {Gjoreski, Martin and Gjoreski, Hristijan and Lu\v{s}trek, Mitja and Gams, Matja\v{z}},
	title = {Deep Affect Recognition from R-R Intervals},
	booktitle = {Proceedings of the 2017 ACM International Joint Conference on Pervasive and Ubiquitous Computing and Proceedings of the 2017 ACM International Symposium on Wearable Computers},
	series = {UbiComp '17},
	year = {2017},
	isbn = {978-1-4503-5190-4},
	location = {Maui, Hawaii},
	pages = {754--762},
	numpages = {9},
	url = {http://doi.acm.org/10.1145/3123024.3125608},
	doi = {10.1145/3123024.3125608},
	acmid = {3125608},
	publisher = {ACM},
	address = {New York, NY, USA},
	keywords = {affect, arousal recognition, deep neural networks, emotions, machine learning, stress, transfer learning},
} 

@Book{Dil00,
author = {Diller, A.},
title = {LaTeX wiersz po wierszu},
publisher = {Wydawnictwo Helion},
year = {2000},
address = {Gliwice},

langid = {polish},
}


@Manual{ARM06,
title = {Ada Reference Manual {ISO}/{IEC} 8652:200y({E}) {E}d. 3},
organization = {Ada Europe},
year = {2006}
}

@Article{BuDo03,
author = {Burns, A. and Dobbing, B.},
title = {The {R}avenscar {P}rofile for Real--Time and High Integrity Systems},
journal = {Cross{T}alk},
year = {2003},
volume = {16},
number = {11},
pages = {9--12}
}



@InProceedings{PeDa04,
author = {Peleska, J. and Große, D. and Haxthausen, A. E. and Drechsler, R.},
title = {Automated Verification for Train Control Systems},
booktitle = {Proc. of the 5th Symposium on Formal Methods for Automation and Safety in Railway and Automotive Systems (FORMS/FORMAT 2004)},
year = {2004},
pages = {252--265},
address = {Braunschweig, Germany},
month = {December}
}

@TechReport{BuDoVa03,
author = {Burns, A. and Dobbing, B. and Vardanega, T.},
title = {Guide for the Use of the Ada Ravenscar Profile in High Integrity Systems},
institution = {University of York},
year = {2003},
number = {YCS-2003-348}
}



@manual{Alvis2011,
	organization = {AGH University of Science and Technology},
	year = {2011},
	title = {{On Line Alvis Manual}},
	note = {\\\texttt{http://fm.ia.agh.edu.pl/alvis:manual}},
	author = {Szpyrka, M.},

	langid = {english},
}
